% Encoding: UTF-8

@Article{viana2011pesquisa,
    author  ={Viana, Gerardo Valdisio Rodrigues and Cintra, Glauber Ferreira},
    title   ={Pesquisa e Ordena{\c{c}}{\~a}o de Dados},
    journal ={Fortaleza: Publica{\c{c}}{\~a}o do Sistema UAB/UECE},
    year    ={2011}
}

@article{karunanithi2014survey,
    title     ={A survey, discussion and comparison of sorting algorithms},
    author    ={Karunanithi, Ashok Kumar and others},
    journal   ={Department of Computing Science, Umea University},
    year      ={2014},
    publisher ={Citeseer}
}

@book{knuth1998art,
    author    = {Donald E. Knuth},
    title     = {The Art of Computer Programming, Volume 3: Sorting and Searching},
    edition   = {2nd},
    year      = {1998},
    publisher = {Addison-Wesley},
    address   = {Reading, Massachusetts},
    isbn      = {978-0201896855}
}

@book{Cormen2009,
    author    = {Thomas H. Cormen and Charles E. Leiserson and Ronald L. Rivest and Clifford Stein},
    title     = {Introduction to Algorithms},
    edition   = {3rd},
    year      = {2009},
    publisher = {MIT Press},
    address   = {Cambridge, MA},
    isbn      = {978-0-262-03384-8}
}

@book{book97338b4c,
    title     = {Algoritmos em linguagem C},
    author    = {Feofiloff, Paulo},
    year      = {2009},
    publisher = {Elsevier/Campus}
}

@article{pandey2008study,
    title   ={Study and Comparison of various sorting algorithms},
    author  ={Pandey, Ramesh Chand},
    journal ={Computer Science and Engineering},
    year    ={2008}
}

% Shellsort reference
@article{shell1959high,
    title={A high-speed sorting procedure},
    author={Shell, Donald L.},
    journal={Communications of the ACM},
    volume={2},
    number={7},
    pages={30--32},
    year={1959},
    publisher={ACM New York, NY, USA}
}
@article{hibbard1963empirical,
    title={An empirical study of minimal storage sorting},
    author={Hibbard, Thomas N},
    journal={Communications of the ACM},
    volume={6},
    number={5},
    pages={206--213},
    year={1963},
    publisher={ACM New York, NY, USA}
}
@article{knuth1973art,
    title={The art of computer programming, volume 3: Searching and sorting},
    author={Knuth, Donald E},
    journal={Addison-Westley Publishing Company: Reading, MA},
    year={1973}
}
@article{incerpi1985improved,
    title={Improved upper bounds on Shellsort},
    author={Incerpi, Janet and Sedgewick, Robert},
    journal={Journal of Computer and System Sciences},
    volume={31},
    number={2},
    pages={210--224},
    year={1985},
    publisher={Elsevier}
}
@article{sedgewick1986new,
    title={A new upper bound for Shellsort},
    author={Sedgewick, Robert},
    journal={Journal of Algorithms},
    volume={7},
    number={2},
    pages={159--173},
    year={1986},
    publisher={Elsevier}
}
@inproceedings{10.5555/645569.659879,
    author = {Tokuda, Naoyuki},
    title = {An Improved Shellsort},
    year = {1992},
    isbn = {044489747X},
    publisher = {North-Holland Publishing Co.},
    address = {NLD},
    booktitle = {Proceedings of the IFIP 12th World Computer Congress on Algorithms, Software, Architecture - Information Processing '92, Volume 1 - Volume I},
    pages = {449–457},
    numpages = {9}
}
@inproceedings{ciura2001best,
    title={Best increments for the average case of shellsort},
    author={Ciura, Marcin},
    booktitle={International Symposium on Fundamentals of Computation Theory},
    pages={106--117},
    year={2001},
    organization={Springer}
}

% Heapsort reference
@article{10.1145/512274.3734138,
    author      = {Williams, J.W.J.},
    title       = {Algorithm 232: Heapsort},
    year        = {2025},
    issue_date  = {June 1964},
    publisher   = {Association for Computing Machinery},
    address     = {New York, NY, USA},
    volume      = {7},
    number      = {6},
    issn        = {0001-0782},
    url         = {https://doi.org/10.1145/512274.3734138},
    doi         = {10.1145/512274.3734138},
    journal     = {Commun. ACM},
    month       = may,
    pages       = {347–348},
    numpages    = {2}
}

% Quicksort reference
@book{book:58781,
    title       = {Algorithms in C},
    author      = {Robert Sedgewick},
    publisher   = {Addison-Wesley Professional},
    isbn        = {0201514257,9780201514254},
    year        = {1990},
    series      = {Computer Science Series},
    edition     = {1}
}

@article{musser1997introspective,
  title={Introspective sorting and selection algorithms},
  author={Musser, David R},
  journal={Software: Practice and Experience},
  volume={27},
  number={8},
  pages={983--993},
  year={1997},
  publisher={Wiley Online Library}
}

@Comment{jabref-meta: databaseType:bibtex;}
